@misc{richtalkBNNscale,
	author = {Turner, Richard},
	howpublished = {Personal Communication},
	location = {University of Cambridge},
	month = {May},
	year = {2019},
}
